@Article{closos,
  author =       {Robert Strandh},
  title =        {CLOSOS Specification of a Lisp operating system},
  journal =      {metamodular.com},
  year =         2013}

